<?xml version="1.0" encoding="UTF-8"?><record xmlns="http://www.loc.gov/MARC21/slim" xmlns:cinclude="http://apache.org/cocoon/include/1.0" xmlns:zs="http://www.loc.gov/zing/srw/">
  <leader>00601nz  a2200157n  4500</leader>
  <controlfield tag="001">no2011083436</controlfield>
  <controlfield tag="003">DLC</controlfield>
  <controlfield tag="005">20110529075057.0</controlfield>
  <controlfield tag="008">110527n| acannaabn          |n aaa     c</controlfield>
  <datafield tag="010" ind1=" " ind2=" ">
    <subfield code="a">no2011083436</subfield>
  </datafield>
  <datafield tag="035" ind1=" " ind2=" ">
    <subfield code="a">(OCoLC)oca08870947</subfield>
  </datafield>
  <datafield tag="040" ind1=" " ind2=" ">
    <subfield code="a">MWA</subfield>
    <subfield code="b">eng</subfield>
    <subfield code="c">MWA</subfield>
  </datafield>
  <datafield tag="100" ind1="1" ind2=" ">
    <subfield code="a">Kennedy, Platt</subfield>
  </datafield>
  <datafield tag="670" ind1=" " ind2=" ">
    <subfield code="a">His The new grammatical spelling book, 1801:</subfield>
    <subfield code="b">t.p. (Platt Kennedy, philom. and late instructor at Huntington, (Long-Island))</subfield>
  </datafield>
  <datafield tag="670" ind1=" " ind2=" ">
    <subfield code="a">Family Search, via WWW, May 3, 2011</subfield>
    <subfield code="b">(Platt Kennedy; b. Brooklyn, Kings, New York; d. after 1810)</subfield>
  </datafield>
  <datafield tag="675" ind1=" " ind2=" ">
    <subfield code="a">Farmer;</subfield>
    <subfield code="a">Ancestry;</subfield>
    <subfield code="a">MWA local histories and genealogies</subfield>
  </datafield>
</record>